@proceedings{rocling-ijclclp-2002-international,
    title = "International Journal of Computational Linguistics {\&} {C}hinese Language Processing, Volume 7, Number 1, {F}ebruary 2002: Special Issue on {H}ow{N}et and Its Applications",
    month = feb,
    year = "2002",
}
@inproceedings{tseng-etal-2002-yi,
    title = "以構詞律與相似法為本的中文動詞自動分類研究 (A Hybrid Approach for Automatic Classification of {C}hinese Unknown Verbs) [In {C}hinese]",
    author = "Tseng, Hui-Hsin  and
      Liu, Chao-Lin  and
      Gao, Zhao-Ming  and
      Chen, Keh-Jiann",
    booktitle = "International Journal of Computational Linguistics {\&} {C}hinese Language Processing, Volume 7, Number 1, {F}ebruary 2002: Special Issue on {H}ow{N}et and Its Applications",
    month = feb,
    year = "2002",
    url = "https://www.aclweb.org/anthology/O02-1001",
    pages = "1--28",
}
@inproceedings{tsai-etal-2002-word,
    title = "Word Sense Disambiguation and Sense-Based {NV} Event Frame Identifier",
    author = "Tsai, Jia-Lin  and
      Hsu, Wen-Lian  and
      Su, Jeng-Woei",
    booktitle = "International Journal of Computational Linguistics {\&} {C}hinese Language Processing, Volume 7, Number 1, {F}ebruary 2002: Special Issue on {H}ow{N}et and Its Applications",
    month = feb,
    year = "2002",
    url = "https://www.aclweb.org/anthology/O02-1002",
    pages = "29--46",
}
@inproceedings{yang-li-2002-yi,
    title = "一種基於知網的語義排歧模型研究 (A Study of Semantic Disambiguation Based on {H}ow{N}et) [In {C}hinese]",
    author = "Yang, Xiaofeng  and
      Li, Tangqiu",
    booktitle = "International Journal of Computational Linguistics {\&} {C}hinese Language Processing, Volume 7, Number 1, {F}ebruary 2002: Special Issue on {H}ow{N}et and Its Applications",
    month = feb,
    year = "2002",
    url = "https://www.aclweb.org/anthology/O02-1003",
    pages = "47--78",
}
@inproceedings{su-etal-2002-ji,
    title = "基於文本概念和k{NN}的跨語種文本過濾 (Cross-Language Text Filtering Based on Text Concepts and k{NN}) [In {C}hinese",
    author = "Su, Weifeng  and
      Li, Shaozi  and
      Li, Tanqiu  and
      You, Wenjian",
    booktitle = "International Journal of Computational Linguistics {\&} {C}hinese Language Processing, Volume 7, Number 1, {F}ebruary 2002: Special Issue on {H}ow{N}et and Its Applications",
    month = feb,
    year = "2002",
    url = "https://www.aclweb.org/anthology/O02-1004",
    pages = "79--90",
}
@proceedings{rocling-ijclclp-2002-international-journal,
    title = "International Journal of Computational Linguistics {\&} {C}hinese Language Processing, Volume 7, Number 2, August 2002: Special Issue on Computational {C}hinese Lexical Semantics",
    month = aug,
    year = "2002",
}
@inproceedings{chen-etal-2002-qing,
    title = "情境{---}{---}組織/存放辭彙語義知識的恰當框架 (Situation {--} A Suitable Framework for Organizing and Positioning Lexical Semantic Knowledge) [In {C}hinese]",
    author = "Chen, Zusun  and
      Zhou, Qiang  and
      Zhao, Qiang",
    booktitle = "International Journal of Computational Linguistics {\&} {C}hinese Language Processing, Volume 7, Number 2, August 2002: Special Issue on Computational {C}hinese Lexical Semantics",
    month = aug,
    year = "2002",
    url = "https://www.aclweb.org/anthology/O02-2001",
    pages = "1--36",
}
@inproceedings{chen-you-2002-study,
    title = "A Study on Word Similarity using Context Vector Models",
    author = "Chen, Keh-Jiann  and
      You, Jia-Ming",
    booktitle = "International Journal of Computational Linguistics {\&} {C}hinese Language Processing, Volume 7, Number 2, August 2002: Special Issue on Computational {C}hinese Lexical Semantics",
    month = aug,
    year = "2002",
    url = "https://www.aclweb.org/anthology/O02-2002",
    pages = "37--58",
}
@inproceedings{liu-li-2002-ji,
    title = "基於《知網》的辭彙語義相似度計算 (Word Similarity Computing Based on How-net) [In {C}hinese]",
    author = "Liu, Qun  and
      Li, Sujian",
    booktitle = "International Journal of Computational Linguistics {\&} {C}hinese Language Processing, Volume 7, Number 2, August 2002: Special Issue on Computational {C}hinese Lexical Semantics",
    month = aug,
    year = "2002",
    url = "https://www.aclweb.org/anthology/O02-2003",
    pages = "59--76",
}
@inproceedings{wang-2002-ji,
    title = "基於組合特徵的漢語名詞詞義消歧 (A Study on Noun Sense Disambiguation Based on Syntagmatic Features) [In {C}hinese]",
    author = "Wang, Hui",
    booktitle = "International Journal of Computational Linguistics {\&} {C}hinese Language Processing, Volume 7, Number 2, August 2002: Special Issue on Computational {C}hinese Lexical Semantics",
    month = aug,
    year = "2002",
    url = "https://www.aclweb.org/anthology/O02-2004",
    pages = "77--88",
}
@inproceedings{kang-2002-xian,
    title = "《現代漢語新詞語資訊電子詞典》的研究與實現 (Development and Study of the {``}Modern {C}hinese New Words Information Electronic Dictionary{''}) [In {C}hinese]",
    author = "Kang, Shiyong",
    booktitle = "International Journal of Computational Linguistics {\&} {C}hinese Language Processing, Volume 7, Number 2, August 2002: Special Issue on Computational {C}hinese Lexical Semantics",
    month = aug,
    year = "2002",
    url = "https://www.aclweb.org/anthology/O02-2005",
    pages = "89--100",
}
@inproceedings{song-xu-2002-ji,
    title = "基於詞彙語義的百科辭典知識提取實驗 (An Experiment on Knowledge Extraction from an Encyclopedia Based on Lexicon Semantics) [In {C}hinese]",
    author = "Song, Rou  and
      Xu, Yong",
    booktitle = "International Journal of Computational Linguistics {\&} {C}hinese Language Processing, Volume 7, Number 2, August 2002: Special Issue on Computational {C}hinese Lexical Semantics",
    month = aug,
    year = "2002",
    url = "https://www.aclweb.org/anthology/O02-2006",
    pages = "101--112",
}
@proceedings{rocling-ijclclp-2016-linguistics,
    title = "Proceedings of the 28th Conference on Computational Linguistics and Speech Processing ({ROCLING} 2016)",
    author = "Wu, Chung-Hsien  and
      Tseng, Yuen-Hsien  and
      Kao, Hung-Yu",
    month = oct,
    year = "2016",
    address = "Tainan, Taiwan",
    publisher = "The Association for Computational Linguistics and Chinese Language Processing (ACLCLP)",
    url = "https://www.aclweb.org/anthology/O16-1000",
}
@inproceedings{hsu-etal-2016-ping,
    title = "評估尺度相關最佳化方法於華語錯誤發音檢測之研究(Evaluation Metric-related Optimization Methods for {M}andarin Mispronunciation Detection) [In {C}hinese]",
    author = "Hsu, Yao-Chi  and
      Yang, Ming-Han  and
      Hung, Hsiao-Tsung  and
      Lin, Yi-Ju  and
      Chen, Berlin",
    booktitle = "Proceedings of the 28th Conference on Computational Linguistics and Speech Processing ({ROCLING} 2016)",
    month = oct,
    year = "2016",
    address = "Tainan, Taiwan",
    publisher = "The Association for Computational Linguistics and Chinese Language Processing (ACLCLP)",
    url = "https://www.aclweb.org/anthology/O16-1001",
    pages = "1--3",
}
@inproceedings{yang-etal-2016-rong,
    title = "融合多任務學習類神經網路聲學模型訓練於會議語音辨識之研究(Leveraging Multi-task Learning with Neural Network Based Acoustic Modeling for Improved Meeting Speech Recognition) [In {C}hinese]",
    author = "Yang, Ming-Han  and
      Hsu, Yao-Chi  and
      Hung, Hsiao-Tsung  and
      Chen, Ying-Wen  and
      Chen, Berlin  and
      Chen, Kuan-Yu",
    booktitle = "Proceedings of the 28th Conference on Computational Linguistics and Speech Processing ({ROCLING} 2016)",
    month = oct,
    year = "2016",
    address = "Tainan, Taiwan",
    publisher = "The Association for Computational Linguistics and Chinese Language Processing (ACLCLP)",
    url = "https://www.aclweb.org/anthology/O16-1002",
    pages = "4--6",
}
@inproceedings{yan-etal-2016-shi,
    title = "使用字典學習法於強健性語音辨識(The Use of Dictionary Learning Approach for Robustness Speech Recognition) [In {C}hinese]",
    author